@Manual{kableExtra,
  title = {kableExtra: Construct Complex Table with 'kable' and Pipe Syntax},
  author = {Hao Zhu},
  year = {2021},
  note = {R package version 1.3.4},
  url = {https://CRAN.R-project.org/package=kableExtra},
}

@Article{tidyverse,
  title = {Welcome to the {tidyverse}},
  author = {Hadley Wickham and Mara Averick and Jennifer Bryan and Winston Chang and Lucy D'Agostino McGowan and Romain François and Garrett Grolemund and Alex Hayes and Lionel Henry and Jim Hester and Max Kuhn and Thomas Lin Pedersen and Evan Miller and Stephan Milton Bache and Kirill Müller and Jeroen Ooms and David Robinson and Dana Paige Seidel and Vitalie Spinu and Kohske Takahashi and Davis Vaughan and Claus Wilke and Kara Woo and Hiroaki Yutani},
  year = {2019},
  journal = {Journal of Open Source Software},
  volume = {4},
  number = {43},
  pages = {1686},
  doi = {10.21105/joss.01686},
}

@Manual{captioner,
  title = {captioner: Numbers Figures and Creates Simple Captions},
  author = {Letaw Alathea},
  year = {2015},
  note = {R package version 2.2.3},
  url = {https://CRAN.R-project.org/package=captioner},
}

@Manual{bibtex,
  title = {bibtex: Bibtex Parser},
  author = {Romain Francois},
  year = {2020},
  note = {R package version 0.4.2.3},
  url = {https://CRAN.R-project.org/package=bibtex},
}

@Manual{Hmisc,
  title = {Hmisc: Harrell Miscellaneous},
  author = {Frank E {Harrell Jr}},
  year = {2021},
  note = {R package version 4.6-0},
  url = {https://CRAN.R-project.org/package=Hmisc},
}

@Manual{psych,
  title = {psych: Procedures for Psychological, Psychometric, and Personality Research},
  author = {William Revelle},
  organization = { Northwestern University},
  address = { Evanston, Illinois},
  year = {2021},
  note = {R package version 2.1.9},
  url = {https://CRAN.R-project.org/package=psych},
}

@Manual{naniar,
  title = {naniar: Data Structures, Summaries, and Visualisations for Missing Data},
  author = {Nicholas Tierney and Di Cook and Miles McBain and Colin Fay},
  year = {2021},
  note = {R package version 0.6.1},
  url = {https://CRAN.R-project.org/package=naniar},
}

@Manual{data.table,
  title = {data.table: Extension of `data.frame`},
  author = {Matt Dowle and Arun Srinivasan},
  year = {2021},
  note = {R package version 1.14.2},
  url = {https://CRAN.R-project.org/package=data.table},
}

@Manual{rmarkdown1,
  title = {rmarkdown: Dynamic Documents for R},
  author = {JJ Allaire and Yihui Xie and Jonathan McPherson and Javier Luraschi and Kevin Ushey and Aron Atkins and Hadley Wickham and Joe Cheng and Winston Chang and Richard Iannone},
  year = {2021},
  note = {R package version 2.11},
  url = {https://github.com/rstudio/rmarkdown},
}

@Book{rmarkdown2,
  title = {R Markdown: The Definitive Guide},
  author = {Yihui Xie and J.J. Allaire and Garrett Grolemund},
  publisher = {Chapman and Hall/CRC},
  address = {Boca Raton, Florida},
  year = {2018},
  note = {ISBN 9781138359338},
  url = {https://bookdown.org/yihui/rmarkdown},
}

@Book{rmarkdown3,
  title = {R Markdown Cookbook},
  author = {Yihui Xie and Christophe Dervieux and Emily Riederer},
  publisher = {Chapman and Hall/CRC},
  address = {Boca Raton, Florida},
  year = {2020},
  note = {ISBN 9780367563837},
  url = {https://bookdown.org/yihui/rmarkdown-cookbook},
}

@Manual{knitr1,
  title = {knitr: A General-Purpose Package for Dynamic Report Generation in R},
  author = {Yihui Xie},
  year = {2021},
  note = {R package version 1.37},
  url = {https://yihui.org/knitr/},
}

@Book{knitr2,
  title = {Dynamic Documents with {R} and knitr},
  author = {Yihui Xie},
  publisher = {Chapman and Hall/CRC},
  address = {Boca Raton, Florida},
  year = {2015},
  edition = {2nd},
  note = {ISBN 978-1498716963},
  url = {https://yihui.org/knitr/},
}

@InCollection{knitr3,
  booktitle = {Implementing Reproducible Computational Research},
  editor = {Victoria Stodden and Friedrich Leisch and Roger D. Peng},
  title = {knitr: A Comprehensive Tool for Reproducible Research in {R}},
  author = {Yihui Xie},
  publisher = {Chapman and Hall/CRC},
  year = {2014},
  note = {ISBN 978-1466561595},
  url = {http://www.crcpress.com/product/isbn/9781466561595},
}

@Manual{BiocManager,
  title = {BiocManager: Access the Bioconductor Project Package Repository},
  author = {Martin Morgan},
  year = {2021},
  note = {R package version 1.30.16},
  url = {https://CRAN.R-project.org/package=BiocManager},
}

@Manual{purrr,
  title = {purrr: Functional Programming Tools},
  author = {Lionel Henry and Hadley Wickham},
  year = {2020},
  note = {R package version 0.3.4},
  url = {https://CRAN.R-project.org/package=purrr},
}

@Manual{base,
  title = {R: A Language and Environment for Statistical Computing},
  author = {{R Core Team}},
  organization = {R Foundation for Statistical Computing},
  address = {Vienna, Austria},
  year = {2021},
  url = {https://www.R-project.org/},
}

@Manual{readxl,
  title = {readxl: Read Excel Files},
  author = {Hadley Wickham and Jennifer Bryan},
  year = {2019},
  note = {R package version 1.3.1},
  url = {https://CRAN.R-project.org/package=readxl},
}

@Article{lubridate,
  title = {Dates and Times Made Easy with {lubridate}},
  author = {Garrett Grolemund and Hadley Wickham},
  journal = {Journal of Statistical Software},
  year = {2011},
  volume = {40},
  number = {3},
  pages = {1--25},
  url = {https://www.jstatsoft.org/v40/i03/},
}

@Manual{DiagrammeR,
  title = {DiagrammeR: Graph/Network Visualization},
  author = {Richard Iannone},
  year = {2022},
  note = {R package version 1.0.8},
  url = {https://CRAN.R-project.org/package=DiagrammeR},
}

@Manual{ggVennDiagram,
  title = {ggVennDiagram: A 'ggplot2' Implement of Venn Diagram},
  author = {Chun-Hui Gao},
  year = {2021},
  note = {R package version 1.2.0},
  url = {https://CRAN.R-project.org/package=ggVennDiagram},
}

@Manual{RColorBrewer,
  title = {RColorBrewer: ColorBrewer Palettes},
  author = {Erich Neuwirth},
  year = {2014},
  note = {R package version 1.1-2},
  url = {https://CRAN.R-project.org/package=RColorBrewer},
}

@Article{ReactomePA,
  title = {ReactomePA: an R/Bioconductor package for reactome pathway analysis and visualization},
  author = {Guangchuang Yu and Qing-Yu He},
  journal = {Molecular BioSystems},
  year = {2016},
  volume = {12},
  number = {12},
  pages = {477-479},
  pmid = {26661513},
  url = {http://pubs.rsc.org/en/Content/ArticleLanding/2015/MB/C5MB00663E},
  doi = {10.1039/C5MB00663E},
}

@Article{STRINGdb,
  title = {STRING v11: protein-protein association networks with increased coverage, supporting functional discovery in genome-wide experimental datasets.},
  author = {Szklarczyk D. et al.},
  journal = {Nucleic Acids Research (Database issue)},
  year = {2019},
  volume = {48},
}

@Article{MSstats,
  title = {MSstats: an R package for statistical analysis of quantitative mass spectrometry-based proteomic experiments},
  author = {Meena Choi},
  journal = {Bioinformatics},
  volume = {30},
  page = {2524-2536},
  year = {2014},
}
