@article{crozier-shaw_management_2020,
  title = {Management Strategies in Acute Traumatic Spinal Cord Injury: A Narrative Review},
  shorttitle = {Management Strategies in Acute Traumatic Spinal Cord Injury},
  author = {{Crozier-Shaw}, Geoff and Denton, Hazel and Morris, Seamus},
  year = {2020},
  month = sep,
  journal = {Neuroimmunology and Neuroinflammation},
  volume = {7},
  issn = {2347-8659},
  doi = {10.20517/2347-8659.2019.005},
  langid = {american},
  keywords = {injury_management,review,spinal_cord_injury,to_read},
  file = {/Users/mateusbernardo-harrington/Zotero/storage/G2N347SE/Crozier-Shaw et al_2020_Management strategies in acute traumatic spinal cord injury.pdf;/Users/mateusbernardo-harrington/Zotero/storage/693SPFUQ/3678.html}
}

@article{mcdaid_understanding_2019,
  title = {Understanding and Modelling the Economic Impact of Spinal Cord Injuries in the {{United Kingdom}}},
  author = {McDaid, David and Park, A.-La and Gall, Angela and Purcell, Mariel and Bacon, Mark},
  year = {2019},
  month = sep,
  journal = {Spinal Cord},
  volume = {57},
  number = {9},
  pages = {778--788},
  issn = {1476-5624},
  doi = {10.1038/s41393-019-0285-1},
  copyright = {2019 The Author(s)},
  langid = {english},
  keywords = {Paper_iTRAQ_2020,Paper_sci_500_modelling_2020,spinal_cord_injury},
  file = {/Users/mateusbernardo-harrington/Zotero/storage/E3ZN4GSE/McDaid et al_2019_Understanding and modelling the economic impact of spinal cord injuries in the.pdf}
}

@article{furlan_health_2017,
  ids = {furlan_health_2017-2,furlan_health_2017-3},
  title = {The {{Health Economics}} of the Spinal Cord Injury or Disease among Veterans of War : {{A}} Systematic Review},
  author = {Furlan, Julio C and Gulasingam, Sivakumar and Craven, B Catharine},
  year = {2017},
  journal = {The Journal of Spinal Cord Medicine},
  volume = {40},
  number = {6},
  pages = {649--664},
  doi = {10.1080/10790268.2017.1368267},
  pmcid = {PMC5778929},
  pmid = {28874099},
  keywords = {Health economics,keele_10_month_report,Military,Neurotrauma,Paper_iTRAQ_2020,Paper_sci_500_modelling_2020,review,spinal_cord_injury,veterans,War},
  file = {/Users/mateusbernardo-harrington/Zotero/storage/FXTGXTUL/Furlan et al_2017_The Health Economics of the spinal cord injury or disease among veterans of war.pdf}
}

@article{gris_systemic_2008,
  title = {The Systemic Inflammatory Response after Spinal Cord Injury Damages Lungs and Kidneys},
  author = {Gris, Denis and Hamilton, Eilis F. and Weaver, Lynne C.},
  year = {2008},
  month = may,
  journal = {Experimental Neurology},
  volume = {211},
  number = {1},
  pages = {259--270},
  issn = {0014-4886},
  doi = {10.1016/J.EXPNEUROL.2008.01.033},
  keywords = {apolipoproteins,Inflammation,keele_10_month_report,Lipid peroxidation,Macrophage,Myeloperoxidase,Neutrophil,Organ damage,Oxidative burst,Paper_sci_500_modelling_2020,Proteinase,sci_treatment,spinal_cord_injury},
  file = {/Users/mateusbernardo-harrington/Zotero/storage/9GS3JWPK/Gris et al_2008_The systemic inflammatory response after spinal cord injury damages lungs and.pdf}
}

@article{sun_multiple_2016,
  title = {Multiple Organ Dysfunction and Systemic Inflammation after Spinal Cord Injury: A Complex Relationship},
  shorttitle = {Multiple Organ Dysfunction and Systemic Inflammation after Spinal Cord Injury},
  author = {Sun, Xin and Jones, Zachary B. and Chen, Xiao-ming and Zhou, Libing and So, Kwok-Fai and Ren, Yi},
  year = {2016},
  month = oct,
  journal = {Journal of Neuroinflammation},
  volume = {13},
  number = {1},
  pages = {260},
  issn = {1742-2094},
  doi = {10.1186/s12974-016-0736-y},
  langid = {english},
  keywords = {literature_review,secondary damage,spinal_cord_injury,systemic_inflammation},
  file = {/Users/mateusbernardo-harrington/Zotero/storage/PSPYVA5P/Sun et al_2016_Multiple organ dysfunction and systemic inflammation after spinal cord injury.pdf}
}

@article{hagen_acute_2015,
  title = {Acute Complications of Spinal Cord Injuries},
  author = {Hagen, Ellen Merete},
  year = {2015},
  month = jan,
  journal = {World Journal of Orthopedics},
  volume = {6},
  number = {1},
  pages = {17--23},
  issn = {2218-5836},
  doi = {10.5312/wjo.v6.i1.17},
  pmcid = {PMC4303786},
  pmid = {25621207},
  keywords = {complications,spinal_cord_injury},
  file = {/Users/mateusbernardo-harrington/Zotero/storage/YR68JQF5/Hagen_2015_Acute complications of spinal cord injuries.pdf}
}

@article{spiess_conversion_2009,
  title = {Conversion in {{ASIA Impairment Scale}} during the First Year after Traumatic Spinal Cord Injury},
  author = {Spiess, Martina R. and M{\"u}ller, Roland M. and Rupp, R{\"u}diger and Schuld, Christian and {van Hedel}, Hubertus J.A.},
  year = {2009},
  month = nov,
  journal = {Journal of Neurotrauma},
  volume = {26},
  number = {11},
  pages = {2027--2036},
  publisher = {{Mary Ann Liebert, Inc., publishers}},
  issn = {0897-7151},
  doi = {10.1089/neu.2008.0760},
  keywords = {american_spnial_injury_association,Paper_iTRAQ_2020,Paper_sci_500_modelling_2020,spinal_cord_injury},
  file = {/Users/mateusbernardo-harrington/Zotero/storage/QMIB7PSK/Spiess et al_2009_Conversion in ASIA Impairment Scale during the first year after traumatic.pdf;/Users/mateusbernardo-harrington/Zotero/storage/HPHUXJLW/neu.2008.html}
}

@article{kwon_neurochemical_2019,
  title = {Neurochemical Biomarkers in Spinal Cord Injury},
  author = {Kwon, Brian K. and Bloom, Ona and Wanner, Ina-Beate and Curt, Armin and Schwab, Jan M. and Fawcett, James and Wang, Kevin K.},
  year = {2019},
  month = oct,
  journal = {Spinal Cord},
  volume = {57},
  number = {10},
  pages = {819--831},
  issn = {1476-5624},
  doi = {10.1038/s41393-019-0319-8},
  copyright = {2019 The Author(s), under exclusive licence to International Spinal Cord Society},
  langid = {english},
  keywords = {Biomarkers,Paper_iTRAQ_2020,Paper_sci_500_modelling_2020,spinal_cord_injury,to_read},
  file = {/Users/mateusbernardo-harrington/Zotero/storage/NEDBMQEI/Kwon et al_2019_Neurochemical biomarkers in spinal cord injury.pdf;/Users/mateusbernardo-harrington/Zotero/storage/493QVS52/s41393-019-0319-8.html}
}

@article{hulme_developing_2017,
  ids = {hulme_developing_2017-2,hulme_developing_2017-3,hulme_developing_2017-4},
  title = {The Developing Landscape of Diagnostic and Prognostic Biomarkers for Spinal Cord Injury in Cerebrospinal Fluid and Blood},
  author = {Hulme, C. H. and Brown, S. J. and Fuller, H. R. and Riddell, J. and Osman, A. and Chowdhury, J. and Kumar, N. and Johnson, W. E. and Wright, K. T.},
  year = {2017},
  journal = {Spinal Cord},
  volume = {55},
  number = {2},
  pages = {114--125},
  issn = {14765624},
  doi = {10.1038/sc.2016.174},
  pmid = {27995945},
  keywords = {Biomarkers,keele_10_month_report,Paper_iTRAQ_2020,Paper_sci_500_modelling_2020,Proteomics,spinal_cord_injury},
  file = {/Users/mateusbernardo-harrington/Zotero/storage/NTK5JR7S/Hulme et al_2017_The developing landscape of diagnostic and prognostic biomarkers for spinal.pdf}
}

@article{wang_update_2018,
  title = {An Update on Diagnostic and Prognostic Biomarkers for Traumatic Brain Injury},
  author = {Wang, Kevin K. and Yang, Zhihui and Zhu, Tian and Shi, Yuan and Rubenstein, Richard and Tyndall, J. Adrian and Manley, Geoff T.},
  year = {2018},
  month = feb,
  journal = {Expert review of molecular diagnostics},
  volume = {18},
  number = {2},
  pages = {165--180},
  issn = {1473-7159},
  doi = {10.1080/14737159.2018.1428089},
  pmcid = {PMC6359936},
  pmid = {29338452},
  keywords = {Biomarkers,good review,literature_review,traumatic_brain_injury},
  file = {/Users/mateusbernardo-harrington/Zotero/storage/549WQ2AH/Wang et al_2018_An update on diagnostic and prognostic biomarkers for traumatic brain injury.pdf}
}

@article{jogia_peripheral_2021,
  title = {Peripheral White Blood Cell Responses as Emerging Biomarkers for Patient Stratification and Prognosis in Acute Spinal Cord Injury},
  author = {Jogia, Trisha and Kopp, Marcel A. and Schwab, Jan M. and Ruitenberg, Marc J.},
  year = {2021},
  month = dec,
  journal = {Current Opinion in Neurology},
  volume = {34},
  number = {6},
  pages = {796--803},
  issn = {1350-7540},
  doi = {10.1097/WCO.0000000000000995},
  pmcid = {PMC8631147},
  pmid = {34608075},
  keywords = {Biomarkers,Lymphocytes,spinal_cord_injury}
}

@article{segal_circulating_1997,
  title = {Circulating Levels of {{IL-2R}}, {{ICAM-1}}, and {{IL-6}} in Spinal Cord Injuries},
  author = {Segal, J. L. and Gonzales, E. and Yousefi, S. and Jamshidipour, L. and Brunnemann, S. R.},
  year = {1997},
  month = jan,
  journal = {Archives of Physical Medicine and Rehabilitation},
  volume = {78},
  number = {1},
  pages = {44--47},
  issn = {0003-9993},
  doi = {10.1016/s0003-9993(97)90008-3},
  langid = {english},
  pmid = {9014956},
  keywords = {Biomarkers,human,ICAM-1,IL-2,IL-6,interleukin,spinal_cord_injury},
  file = {/Users/mateusbernardo-harrington/Zotero/storage/JZAYXG42/Segal et al_1997_Circulating levels of IL-2R, ICAM-1, and IL-6 in spinal cord injuries.pdf}
}

@article{hayes_elevated_2002,
  ids = {hayes_elevated_2002-1},
  title = {Elevated {{Serum Titers}} of {{Proinflammatory Cytokines}} and {{CNS Autoantibodies}} in {{Patients}} with {{Chronic Spinal Cord Injury}}},
  author = {Hayes, K.c. and Hull, T.c.l. and Delaney, G.a. and Potter, P.j. and Sequeira, K.a.j. and Campbell, K. and Popovich, P.g.},
  year = {2002},
  month = jun,
  journal = {Journal of Neurotrauma},
  volume = {19},
  number = {6},
  pages = {753--761},
  publisher = {{Mary Ann Liebert, Inc., publishers}},
  issn = {0897-7151},
  doi = {10.1089/08977150260139129},
  langid = {english},
  pmid = {12165135},
  keywords = {Autoantibodies,Biomarkers,chronic sci,cytokine,human,IL-10,IL-2,IL-4,in_vivo,interleukin,serum,spinal_cord_injury,TNF-alpha,Tumor Necrosis Factor-alpha},
  file = {/Users/mateusbernardo-harrington/Zotero/storage/6EPCES2N/Hayes et al_2002_Elevated Serum Titers of Proinflammatory Cytokines and CNS Autoantibodies in.pdf;/Users/mateusbernardo-harrington/Zotero/storage/B2HLQFX5/08977150260139129.html}
}

@article{frost_inflammatory_2005,
  title = {Inflammatory {{C-reactive}} Protein and Cytokine Levels in Asymptomatic People with Chronic Spinal Cord Injury},
  author = {Frost, Frederick and Roach, Mary Jo and Kushner, Irving and Schreiber, Peter},
  year = {2005},
  journal = {Archives of Physical Medicine and Rehabilitation},
  volume = {86},
  number = {2},
  pages = {312--317},
  issn = {00039993},
  doi = {10.1016/j.apmr.2004.02.009},
  pmid = {15706560},
  keywords = {Bladder,C-reactive protein,Cytokines,Decubitus ulcers,Inflammation,Interleukin-6,keele_10_month_report,neurogenic,Rehabilitation,spinal_cord_injury,to_read,Tumor necrosis factor},
  file = {/Users/mateusbernardo-harrington/Zotero/storage/4UMKIVK8/Frost et al_2005_Inflammatory C-reactive protein and cytokine levels in asymptomatic people with.pdf}
}

@article{kwon_cerebrospinal_2010,
  ids = {kwon_cerebrospinal_2009,kwon_cerebrospinal_2009-1,kwon_cerebrospinal_2010-1,kwon_cerebrospinal_2010-3,kwon_cerebrospinal_2010-4},
  title = {Cerebrospinal Fluid Inflammatory Cytokines and Biomarkers of Injury Severity in Acute Human Spinal Cord Injury.},
  author = {Kwon, Brian K and Stammers, Anthea M T and Belanger, Lise M and Bernardo, Arlene and Chan, Donna and Bishop, Carole M and Slobogean, Gerard P and Zhang, Hongbin and Umedaly, Hamed and Giffin, Mitch and Street, John and Boyd, Michael C and Paquette, Scott J and Fisher, Charles G and Dvorak, Marcel F},
  year = {2010},
  journal = {Journal of neurotrauma},
  volume = {27},
  number = {4},
  pages = {669--82},
  doi = {10.1089/neu.2009.1080},
  pmid = {20038240},
  keywords = {Adult,Biomarkers,cerebrospinal_fluid,Chemokine CCL2,clinical trial,Cytokines,Enzyme-Linked Immunosorbent Assay,Female,Glial Fibrillary Acidic Protein,human,inflammation,Inflammation Mediators,Interleukin-6,Interleukin-8,Male,Middle Aged,Myelitis,Nerve Growth Factors,Predictive Value of Tests,Prognosis,Prospective Studies,protein_S100,Recovery of Function,spinal_cord_injury,tau Proteins,Trauma Severity Indices,Young Adult},
  file = {/Users/mateusbernardo-harrington/Zotero/storage/N4IG3G2M/Kwon et al_2010_Cerebrospinal fluid inflammatory cytokines and biomarkers of injury severity in.pdf;/Users/mateusbernardo-harrington/Zotero/storage/TV53M8GM/Kwon et al_2010_Cerebrospinal Fluid Inflammatory Cytokines and Biomarkers of Injury Severity.pdf;/Users/mateusbernardo-harrington/Zotero/storage/WD4479TW/neu.2009.html}
}

@article{bernardo_harrington_routinely_2020,
  ids = {bernardo_harrington_routinely_2020-1},
  title = {Routinely Measured Haematological Markers Can Help to Predict {{AIS}} Scores Following Spinal Cord Injury},
  author = {Bernardo Harrington, Gabriel Mateus and Cool, Paul and Hulme, Charlotte and Osman, Aheed and Chowdhury, Joy and Kumar, Naveen and Budithi, Srinivasa and Wright, Karina},
  year = {2020},
  month = jul,
  journal = {Journal of Neurotrauma},
  publisher = {{Mary Ann Liebert, Inc., publishers}},
  issn = {0897-7151},
  doi = {10.1089/neu.2020.7144},
  copyright = {All rights reserved},
  file = {/Users/mateusbernardo-harrington/Zotero/storage/RYXHJMZX/Bernardo Harrington et al_2020_Routinely measured haematological markers can help to predict AIS scores.pdf;/Users/mateusbernardo-harrington/Zotero/storage/3FEX84YG/neu.2020.html;/Users/mateusbernardo-harrington/Zotero/storage/P9289YLK/neu.2020.html}
}

@article{brown_preliminary_2019,
  ids = {brown_preliminary_2019-1},
  title = {A Preliminary Cohort Study Assessing Routine Blood Analyte Levels and Neurological Outcome after Spinal Cord Injury},
  author = {Brown, Sharon J. and Harrington, Gabriel M.B. and Hulme, Charlotte H. and Morris, Rachel and Bennett, Anna and Tsang, Wai-Hung and Osman, Aheed and Chowdhury, Joy and Kumar, Naveen and Wright, Karina T.},
  year = {2019},
  month = jul,
  journal = {Journal of Neurotrauma},
  issn = {0897-7151},
  doi = {10.1089/neu.2019.6495},
  keywords = {keele_10_month_report,Paper_sci_500_modelling_2020,spinal_cord_injury},
  file = {/Users/mateusbernardo-harrington/Zotero/storage/TEDRDABF/Brown et al_2019_A preliminary cohort study assessing routine blood analyte levels and.pdf;/Users/mateusbernardo-harrington/Zotero/storage/WNUA7EMG/Brown et al_2019_A preliminary cohort study assessing routine blood analyte levels and.pdf;/Users/mateusbernardo-harrington/Zotero/storage/RYNPGRE6/neu.2019.html}
}

@article{stoscheck_protein_1987,
  title = {Protein Assay Sensitive at Nanogram Levels},
  author = {Stoscheck, Christa M.},
  year = {1987},
  month = feb,
  journal = {Analytical Biochemistry},
  volume = {160},
  number = {2},
  pages = {301--305},
  issn = {0003-2697},
  doi = {10.1016/0003-2697(87)90051-0},
  langid = {english},
  keywords = {colloidal gold,Paper_iTRAQ_2020,protein quantitation,protein_assay,spinal_cord_injury},
  file = {/Users/mateusbernardo-harrington/Zotero/storage/PWIHH2JA/Stoscheck_1987_Protein assay sensitive at nanogram levels.pdf;/Users/mateusbernardo-harrington/Zotero/storage/NIQTXINF/0003269787900510.html}
}

@article{fuller_stathmin_2015,
  title = {Stathmin Is Enriched in the Developing Corticospinal Tract},
  author = {Fuller, Heidi R. and Slade, Robert and {Jovanov-Milo{\v s}evi{\'c}}, Nata{\v s}a and Babi{\'c}, Mirjana and Sedmak, Goran and {\v S}imi{\'c}, Goran and Fuszard, Matthew A. and Shirran, Sally L. and Botting, Catherine H. and Gates, Monte A.},
  year = {2015},
  month = nov,
  journal = {Molecular and Cellular Neuroscience},
  volume = {69},
  pages = {12--21},
  issn = {1044-7431},
  doi = {10.1016/j.mcn.2015.09.003},
  langid = {english},
  keywords = {Development,Microtubule dynamics,Paper_iTRAQ_2020,Proteomics,spinal_cord_injury,Stathmin},
  file = {/Users/mateusbernardo-harrington/Zotero/storage/ULXGUB7Y/Fuller et al_2015_Stathmin is enriched in the developing corticospinal tract.pdf;/Users/mateusbernardo-harrington/Zotero/storage/2CSGKRXU/S1044743115300233.html}
}

@article{perez-riverol_pride_2021,
  title = {The {{PRIDE}} Database Resources in 2022: A Hub for Mass Spectrometry-Based Proteomics Evidences},
  shorttitle = {The {{PRIDE}} Database Resources in 2022},
  author = {{Perez-Riverol}, Yasset and Bai, Jingwen and Bandla, Chakradhar and {Garc{\'i}a-Seisdedos}, David and Hewapathirana, Suresh and Kamatchinathan, Selvakumar and Kundu, Deepti~J and Prakash, Ananth and {Frericks-Zipper}, Anika and Eisenacher, Martin and Walzer, Mathias and Wang, Shengbo and Brazma, Alvis and Vizca{\'i}no, Juan~Antonio},
  year = {2021},
  month = nov,
  journal = {Nucleic Acids Research},
  volume = {50},
  number = {D1},
  pages = {D543-D552},
  issn = {0305-1048},
  doi = {10.1093/nar/gkab1038},
  pmcid = {PMC8728295},
  pmid = {34723319},
  keywords = {data_repository,data_sharing,Proteomics},
  file = {/Users/mateusbernardo-harrington/Zotero/storage/3HXGRZ65/Perez-Riverol et al_2021_The PRIDE database resources in 2022.pdf}
}

@article{boschetti_proteominer_2008,
  title = {The {{ProteoMiner}} in the Proteomic Arena: {{A}} Non-Depleting Tool for Discovering Low-Abundance Species},
  shorttitle = {The {{ProteoMiner}} in the Proteomic Arena},
  author = {Boschetti, Egisto and Righetti, Pier Giorgio},
  year = {2008},
  month = aug,
  journal = {Journal of Proteomics},
  series = {Proteomic {{Technologies}}},
  volume = {71},
  number = {3},
  pages = {255--264},
  issn = {1874-3919},
  doi = {10.1016/j.jprot.2008.05.002},
  langid = {english},
  keywords = {combinatorial_peptide_libraries,low-abundance_proteome,method,proteomics},
  file = {/Users/mateusbernardo-harrington/Zotero/storage/CWT28T5Z/Boschetti_Righetti_2008_The ProteoMiner in the proteomic arena.pdf;/Users/mateusbernardo-harrington/Zotero/storage/YYN7HPAC/S1874391908000705.html}
}

@article{peffers_comprehensive_2015,
  title = {Comprehensive Protein Profiling of Synovial Fluid in Osteoarthritis Following Protein Equalization},
  author = {Peffers, M.J. and McDermott, B. and Clegg, P.D. and Riggs, C.M.},
  year = {2015},
  month = jul,
  journal = {Osteoarthritis and Cartilage},
  volume = {23},
  number = {7},
  pages = {1204--1213},
  issn = {1063-4584},
  doi = {10.1016/j.joca.2015.03.019},
  pmcid = {PMC4528073},
  pmid = {25819577},
  keywords = {method_referenced,proteomics},
  file = {/Users/mateusbernardo-harrington/Zotero/storage/JBDBTLGB/Peffers et al_2015_Comprehensive protein profiling of synovial fluid in osteoarthritis following.pdf}
}

@article{chambers_cross-platform_2012,
  title = {A Cross-Platform Toolkit for Mass Spectrometry and Proteomics},
  author = {Chambers, Matthew C. and Maclean, Brendan and Burke, Robert and Amodei, Dario and Ruderman, Daniel L. and Neumann, Steffen and Gatto, Laurent and Fischer, Bernd and Pratt, Brian and Egertson, Jarrett and Hoff, Katherine and Kessner, Darren and Tasman, Natalie and Shulman, Nicholas and Frewen, Barbara and Baker, Tahmina A. and Brusniak, Mi-Youn and Paulse, Christopher and Creasy, David and Flashner, Lisa and Kani, Kian and Moulding, Chris and Seymour, Sean L. and Nuwaysir, Lydia M. and Lefebvre, Brent and Kuhlmann, Frank and Roark, Joe and Rainer, Paape and Detlev, Suckau and Hemenway, Tina and Huhmer, Andreas and Langridge, James and Connolly, Brian and Chadick, Trey and Holly, Krisztina and Eckels, Josh and Deutsch, Eric W. and Moritz, Robert L. and Katz, Jonathan E. and Agus, David B. and MacCoss, Michael and Tabb, David L. and Mallick, Parag},
  year = {2012},
  month = oct,
  journal = {Nature Biotechnology},
  volume = {30},
  number = {10},
  pages = {918--920},
  publisher = {{Nature Publishing Group}},
  issn = {1546-1696},
  doi = {10.1038/nbt.2377},
  copyright = {2012 Nature Publishing Group, a division of Macmillan Publishers Limited. All Rights Reserved.},
  langid = {english},
  keywords = {bioinformatics,proteomics,software},
  file = {/Users/mateusbernardo-harrington/Zotero/storage/M6Y5K9UP/Chambers et al_2012_A cross-platform toolkit for mass spectrometry and proteomics.pdf;/Users/mateusbernardo-harrington/Zotero/storage/A9K5YH26/nbt.html}
}

@article{rost_openms_2016,
  title = {{{OpenMS}}: A Flexible Open-Source Software Platform for Mass Spectrometry Data Analysis},
  shorttitle = {{{OpenMS}}},
  author = {R{\"o}st, Hannes L. and Sachsenberg, Timo and Aiche, Stephan and Bielow, Chris and Weisser, Hendrik and Aicheler, Fabian and Andreotti, Sandro and Ehrlich, Hans-Christian and Gutenbrunner, Petra and Kenar, Erhan and Liang, Xiao and Nahnsen, Sven and Nilse, Lars and Pfeuffer, Julianus and Rosenberger, George and Rurik, Marc and Schmitt, Uwe and Veit, Johannes and Walzer, Mathias and Wojnar, David and Wolski, Witold E. and Schilling, Oliver and Choudhary, Jyoti S. and Malmstr{\"o}m, Lars and Aebersold, Ruedi and Reinert, Knut and Kohlbacher, Oliver},
  year = {2016},
  month = sep,
  journal = {Nature Methods},
  volume = {13},
  number = {9},
  pages = {741--748},
  publisher = {{Nature Publishing Group}},
  issn = {1548-7105},
  doi = {10.1038/nmeth.3959},
  copyright = {2016 Nature Publishing Group, a division of Macmillan Publishers Limited. All Rights Reserved.},
  langid = {english},
  keywords = {bioinformatics,Proteomics,software},
  file = {/Users/mateusbernardo-harrington/Zotero/storage/9XVSRS5C/Röst et al_2016_OpenMS.pdf;/Users/mateusbernardo-harrington/Zotero/storage/BETAZSL6/nmeth.html}
}

@article{the_uniprot_consortium_uniprot_2021,
  title = {{{UniProt}}: The Universal Protein Knowledgebase in 2021},
  shorttitle = {{{UniProt}}},
  author = {{The UniProt Consortium}},
  year = {2021},
  month = jan,
  journal = {Nucleic Acids Research},
  volume = {49},
  number = {D1},
  pages = {D480-D489},
  issn = {0305-1048},
  doi = {10.1093/nar/gkaa1100},
  keywords = {database,Proteomics},
  file = {/Users/mateusbernardo-harrington/Zotero/storage/UWUF7QZR/The UniProt Consortium_2021_UniProt.pdf;/Users/mateusbernardo-harrington/Zotero/storage/GVAN4G4G/6006196.html}
}

@article{hulstaert_thermorawfileparser_2020,
  title = {{{ThermoRawFileParser}}: {{Modular}}, {{Scalable}}, and {{Cross-Platform RAW File Conversion}}},
  shorttitle = {{{ThermoRawFileParser}}},
  author = {Hulstaert, Niels and Shofstahl, Jim and Sachsenberg, Timo and Walzer, Mathias and Barsnes, Harald and Martens, Lennart and {Perez-Riverol}, Yasset},
  year = {2020},
  month = jan,
  journal = {Journal of Proteome Research},
  volume = {19},
  number = {1},
  pages = {537--542},
  issn = {1535-3907},
  doi = {10.1021/acs.jproteome.9b00328},
  langid = {english},
  pmcid = {PMC7116465},
  pmid = {31755270},
  keywords = {file_conversion,open-source,proteomics,software,Thermofisher},
  file = {/Users/mateusbernardo-harrington/Zotero/storage/REJIF7BZ/Hulstaert et al_2020_ThermoRawFileParser.pdf}
}

@article{eng_comet_2013,
  title = {Comet: {{An}} Open-Source {{MS}}/{{MS}} Sequence Database Search Tool},
  shorttitle = {Comet},
  author = {Eng, Jimmy K. and Jahan, Tahmina A. and Hoopmann, Michael R.},
  year = {2013},
  journal = {PROTEOMICS},
  volume = {13},
  number = {1},
  pages = {22--24},
  issn = {1615-9861},
  doi = {10.1002/pmic.201200439},
  langid = {english},
  keywords = {open-source,Proteomics,search_engines,Software},
  annotation = {\_eprint: https://analyticalsciencejournals.onlinelibrary.wiley.com/doi/pdf/10.1002/pmic.201200439},
  file = {/Users/mateusbernardo-harrington/Zotero/storage/59MA4KNU/Eng et al_2013_Comet.pdf;/Users/mateusbernardo-harrington/Zotero/storage/385WBLUD/pmic.html}
}

@article{choi_msstats_2014,
  ids = {MSstats},
  title = {{{MSstats}}: An {{R}} Package for Statistical Analysis of Quantitative Mass Spectrometry-Based Proteomic Experiments},
  shorttitle = {{{MSstats}}},
  author = {Choi, Meena and Chang, Ching-Yun and Clough, Timothy and Broudy, Daniel and Killeen, Trevor and MacLean, Brendan and Vitek, Olga},
  year = {2014},
  month = sep,
  journal = {Bioinformatics},
  volume = {30},
  number = {17},
  pages = {2524--2526},
  issn = {1367-4803},
  doi = {10.1093/bioinformatics/btu305},
  page = {2524-2536},
  keywords = {bioconductor,Proteomics,r_package,Software,statistics},
  file = {/Users/mateusbernardo-harrington/Zotero/storage/LGPAT7ZX/Choi et al_2014_MSstats.pdf;/Users/mateusbernardo-harrington/Zotero/storage/8UAQJ4DD/2748156.html}
}

@article{yu_reactomepa_2016,
  ids = {ReactomePA},
  title = {{{ReactomePA}}: An {{R}}/{{Bioconductor}} Package for Reactome Pathway Analysis and Visualization},
  shorttitle = {{{ReactomePA}}},
  author = {Yu, Guangchuang and He, Qing-Yu},
  year = {2016},
  month = jan,
  journal = {Molecular BioSystems},
  volume = {12},
  number = {2},
  pages = {477--479},
  publisher = {{The Royal Society of Chemistry}},
  issn = {1742-2051},
  doi = {10.1039/c5mb00663e},
  langid = {english},
  pmid = {26661513},
  keywords = {Paper_iTRAQ_2020,spinal_cord_injury},
  file = {/Users/mateusbernardo-harrington/Zotero/storage/W57KL28Z/C5MB00663E.html}
}

@article{jassal_reactome_2020,
  title = {The Reactome Pathway Knowledgebase},
  author = {Jassal, Bijay and Matthews, Lisa and Viteri, Guilherme and Gong, Chuqiao and Lorente, Pascual and Fabregat, Antonio and Sidiropoulos, Konstantinos and Cook, Justin and Gillespie, Marc and Haw, Robin and Loney, Fred and May, Bruce and Milacic, Marija and Rothfels, Karen and Sevilla, Cristoffer and Shamovsky, Veronica and Shorser, Solomon and Varusai, Thawfeek and Weiser, Joel and Wu, Guanming and Stein, Lincoln and Hermjakob, Henning and D'Eustachio, Peter},
  year = {2020},
  month = aug,
  journal = {Nucleic Acids Research},
  volume = {48},
  number = {D1},
  pages = {D498-D503},
  issn = {1362-4962},
  doi = {10.1093/nar/gkz1031},
  langid = {english},
  pmcid = {PMC7145712},
  pmid = {31691815},
  keywords = {Databases; Chemical,Databases; Pharmaceutical,Genome; Human,human,Knowledge Bases,Metabolic Networks and Pathways,Paper_iTRAQ_2020,Protein Interaction Maps,Signal Transduction,Software,spinal_cord_injury},
  file = {/Users/mateusbernardo-harrington/Zotero/storage/5JUK6QC9/Jassal et al_2020_The reactome pathway knowledgebase.pdf}
}

@article{peterson_studies_1971,
  title = {Studies on the Interaction between Prealbumin, Retinol-Binding Protein, and Vitamin {{A}}},
  author = {Peterson, P. A.},
  year = {1971},
  month = jan,
  journal = {The Journal of Biological Chemistry},
  volume = {246},
  number = {1},
  pages = {44--49},
  issn = {0021-9258},
  langid = {english},
  pmid = {5541771},
  keywords = {RBP4_retinol-binding protein 4},
  file = {/Users/mateusbernardo-harrington/Zotero/storage/E59HK7GR/Peterson_1971_Studies on the interaction between prealbumin, retinol-binding protein, and.pdf}
}

@article{lane_role_2005,
  title = {Role of Retinoid Signalling in the Adult Brain},
  author = {Lane, Michelle A. and Bailey, Sarah J.},
  year = {2005},
  month = mar,
  journal = {Progress in Neurobiology},
  volume = {75},
  number = {4},
  pages = {275--293},
  issn = {0301-0082},
  doi = {10.1016/j.pneurobio.2005.03.002},
  langid = {english},
  keywords = {Proteomics,spinal_cord_injury,to_read},
  file = {/Users/mateusbernardo-harrington/Zotero/storage/5U47IQXJ/Lane_Bailey_2005_Role of retinoid signalling in the adult brain.pdf;/Users/mateusbernardo-harrington/Zotero/storage/HQ8V8WBK/S0301008205000237.html}
}

@article{balmer_gene_2002,
  title = {Gene Expression Regulation by Retinoic Acid},
  author = {Balmer, James E. and Blomhoff, Rune},
  year = {2002},
  month = nov,
  journal = {Journal of Lipid Research},
  volume = {43},
  number = {11},
  pages = {1773--1808},
  issn = {0022-2275},
  doi = {10.1194/jlr.R100015-JLR200},
  langid = {english},
  keywords = {gene_expression,rbp4,retinoic acid,retinol,review},
  file = {/Users/mateusbernardo-harrington/Zotero/storage/3ENGN64P/Balmer_Blomhoff_2002_Gene expression regulation by retinoic acid.pdf;/Users/mateusbernardo-harrington/Zotero/storage/64M27FR5/S0022227520327541.html}
}

@article{colbert_retinoid_1995,
  title = {{Retinoid signaling and the generation of regional and cellular diversity in the embryonic mouse spinal cord}},
  author = {Colbert, Melissa C. and Rubin, William W. and Linney, Elwood and LaMantia, Anthony-Samuel},
  year = {1995},
  journal = {Developmental Dynamics},
  volume = {204},
  number = {1},
  pages = {1--12},
  issn = {1097-0177},
  doi = {10.1002/aja.1002040102},
  copyright = {Copyright \textcopyright{} 1995 Wiley-Liss, Inc.},
  langid = {french},
  keywords = {mouse,RBP4_retinol-binding protein 4,retinol,spine},
  annotation = {\_eprint: https://anatomypubs.onlinelibrary.wiley.com/doi/pdf/10.1002/aja.1002040102},
  file = {/Users/mateusbernardo-harrington/Zotero/storage/PQH8EHQF/Colbert et al_1995_Retinoid signaling and the generation of regional and cellular diversity in the.pdf;/Users/mateusbernardo-harrington/Zotero/storage/U5GY9MQR/aja.html}
}

@article{sockanathan_motor_1998,
  title = {Motor {{Neuron-Derived Retinoid Signaling Specifies}} the {{Subtype Identity}} of {{Spinal Motor Neurons}}},
  author = {Sockanathan, Shanthini and Jessell, Thomas M},
  year = {1998},
  month = aug,
  journal = {Cell},
  volume = {94},
  number = {4},
  pages = {503--514},
  issn = {0092-8674},
  doi = {10.1016/S0092-8674(00)81591-3},
  langid = {english},
  keywords = {RBP4_retinol-binding protein 4,retinol,spine},
  file = {/Users/mateusbernardo-harrington/Zotero/storage/AYERZMI9/Sockanathan and Jessell - 1998 - Motor Neuron-Derived Retinoid Signaling Specifies .pdf;/Users/mateusbernardo-harrington/Zotero/storage/D4R8IPZ4/S0092867400815913.html}
}

@article{song_genechip_2001,
  title = {{{GeneChip}} Analysis after Acute Spinal Cord Injury in Rat},
  author = {Song, Guoqing and Cechvala, Cate and Resnick, Daniel K. and Dempsey, Robert J. and Rao, Vemuganti L. Raghavendra},
  year = {2001},
  journal = {Journal of Neurochemistry},
  volume = {79},
  number = {4},
  pages = {804--815},
  issn = {1471-4159},
  doi = {10.1046/j.1471-4159.2001.00626.x},
  langid = {english},
  keywords = {gene expression,inflammation,microarray,Proteomics,real-time PCR,spinal_cord_injury},
  file = {/Users/mateusbernardo-harrington/Zotero/storage/747IGXT7/Song et al_2001_GeneChip analysis after acute spinal cord injury in rat.pdf;/Users/mateusbernardo-harrington/Zotero/storage/IFJ8PII8/j.1471-4159.2001.00626.html}
}

@incollection{hurst_complexity_1999,
  title = {Complexity, {{Retinoid-Responsive Gene Networks}}, and {{Bladder Carcinogenesis}}},
  booktitle = {Advances in {{Bladder Research}}},
  author = {Hurst, Robert E. and Waliszewski, Przemyslaw and Waliszewska, Miroslawa and Bonner, Rebecca B. and Benbrook, Doris M. and Dar, Arindam and Hemstreet, George P.},
  editor = {Baskin, Laurence S. and Hayward, Simon W.},
  year = {1999},
  series = {Advances in {{Experimental Medicine}} and {{Biology}}},
  volume = {462},
  pages = {449--467},
  publisher = {{Springer US}},
  address = {{Boston, MA}},
  doi = {10.1007/978-1-4615-4737-2_35},
  isbn = {978-1-4615-4737-2},
  langid = {english},
  keywords = {book,RBP4_retinol-binding protein 4,retinol},
  file = {/Users/mateusbernardo-harrington/Zotero/storage/SRGCG922/Hurst et al_1999_Complexity, Retinoid-Responsive Gene Networks, and Bladder Carcinogenesis.pdf}
}

@article{malaspina_differential_2001,
  title = {Differential Expression of 14 Genes in Amyotrophic Lateral Sclerosis Spinal Cord Detected Using Gridded {{cDNA}} Arrays},
  author = {Malaspina, Andrea and Kaushik, Narendra and Belleroche, Jackie De},
  year = {2001},
  journal = {Journal of Neurochemistry},
  volume = {77},
  number = {1},
  pages = {132--145},
  issn = {1471-4159},
  doi = {10.1046/j.1471-4159.2001.00231.x},
  langid = {english},
  keywords = {amyotrophic lateral sclerosis,high-density cDNA arrays,mRNA expression,Proteomics,spinal_cord_injury},
  file = {/Users/mateusbernardo-harrington/Zotero/storage/LVJG6TSI/Malaspina et al_2001_Differential expression of 14 genes in amyotrophic lateral sclerosis spinal.pdf;/Users/mateusbernardo-harrington/Zotero/storage/LMU2TTGX/j.1471-4159.2001.00231.html}
}

@article{haskell_retinoic_2002,
  title = {Retinoic Acid Signaling at Sites of Plasticity in the Mature Central Nervous System},
  author = {Haskell, Gloria Thompson and Maynard, Thomas Michael and Shatzmiller, Ron Andrew and Lamantia, Anthony-Samuel},
  year = {2002},
  journal = {Journal of Comparative Neurology},
  volume = {452},
  number = {3},
  pages = {228--241},
  issn = {1096-9861},
  doi = {10.1002/cne.10369},
  copyright = {Copyright \textcopyright{} 2002 Wiley-Liss, Inc.},
  langid = {english},
  keywords = {amygdala,cortex,habenula,interneuron,olfactory bulb,plasticity,Proteomics,retinol,spinal_cord_injury},
  file = {/Users/mateusbernardo-harrington/Zotero/storage/C264I7HB/Haskell et al_2002_Retinoic acid signaling at sites of plasticity in the mature central nervous.pdf;/Users/mateusbernardo-harrington/Zotero/storage/7ZDHSQJK/cne.html}
}

@article{bao_systemic_2012,
  title = {The Systemic Inflammatory Response after Spinal Cord Injury in the Rat Is Decreased by {{a4B1}} Integrin Blockade},
  author = {Bao, Feng and Omana, Vanessa and Brown, Arthur and Weaver, Lynne C.},
  year = {2012},
  month = may,
  journal = {Journal of neurotrauma},
  volume = {29},
  number = {8},
  pages = {1626--1637},
  issn = {0897-7151},
  doi = {10.1089/neu.2011.2190},
  pmcid = {PMC4853191},
  pmid = {22150233},
  keywords = {keele_10_month_report,Paper_sci_500_modelling_2020,spinal_cord_injury},
  file = {/Users/mateusbernardo-harrington/Zotero/storage/CB2NWII2/Bao et al_2012_The systemic inflammatory response after spinal cord injury in the rat is.pdf}
}

@article{campbell_liver_2008,
  title = {Liver {{Kupffer}} Cells Control the Magnitude of the Inflammatory Response in the Injured Brain and Spinal Cord},
  author = {Campbell, Sandra J. and Zahid, Imran and Losey, Patrick and Law, Shing and Jiang, Yanyan and Bilgen, Mehmet and {van Rooijen}, Nico and Morsali, Damineh and Davis, Andrew E. M. and Anthony, Daniel C.},
  year = {2008},
  month = oct,
  journal = {Neuropharmacology},
  volume = {55},
  number = {5},
  pages = {780--787},
  issn = {0028-3908},
  doi = {10.1016/j.neuropharm.2008.06.074},
  langid = {english},
  keywords = {Acute_phase,Brain,Chemokine,Interleukin,keele_10_month_report,Liposomes,Paper_sci_500_modelling_2020,Rat,spinal_cord_injury},
  file = {/Users/mateusbernardo-harrington/Zotero/storage/BDDP5IH2/Campbell et al_2008_Liver Kupffer cells control the magnitude of the inflammatory response in the.pdf;/Users/mateusbernardo-harrington/Zotero/storage/PPQBETKX/S0028390808002116.html}
}

@article{fleming_remote_2012,
  ids = {fleming_jennifer_c._bailey_remote_2012,fleming_remote_2012-1},
  title = {Remote Inflammatory Response in Liver Is Dependent on the Segmental Level of Spinal Cord Injury},
  author = {Fleming, Jennifer C. and Bailey, Christopher S. and Hundt, Hans and Gurr, Kevin R. and Bailey, Stewart I. and Cepinskas, Gediminas and Lawendy, Abdel-rahman and Badhwar, Amit},
  year = {2012},
  month = may,
  journal = {Journal of Trauma and Acute Care Surgery},
  volume = {72},
  number = {5},
  pages = {1194--1201},
  issn = {0022-5282},
  doi = {10.1097/ta.0b013e31824d68bd},
  pmid = {22673245},
  keywords = {keele_10_month_report,Paper_sci_500_modelling_2020,spinal_cord_injury},
  file = {/Users/mateusbernardo-harrington/Zotero/storage/C8HBWNZN/Fleming et al_2012_Remote inflammatory response in liver is dependent on the segmental level of.pdf}
}

@article{goodus_dietary_2018,
  title = {Dietary Green Tea Extract Prior to Spinal Cord Injury Prevents Hepatic Iron Overload but Does Not Improve Chronic Hepatic and Spinal Cord Pathology in Rats},
  author = {Goodus, Matthew T. and Sauerbeck, Andrew D. and Popovich, Phillip G. and Bruno, Richard S. and McTigue, Dana M.},
  year = {2018},
  month = aug,
  journal = {Journal of Neurotrauma},
  volume = {35},
  number = {24},
  pages = {2872--2882},
  issn = {0897-7151},
  doi = {10.1089/neu.2018.5771},
  keywords = {liver,Paper_sci_500_modelling_2020},
  file = {/Users/mateusbernardo-harrington/Zotero/storage/SGAW86CZ/Goodus et al_2018_Dietary green tea extract prior to spinal cord injury prevents hepatic iron.pdf;/Users/mateusbernardo-harrington/Zotero/storage/U2DNKAN2/neu.2018.html}
}

@article{sauerbeck_spinal_2014,
  ids = {sauerbeck_spinal_2015},
  title = {Spinal {{Cord Injury Causes Chronic Liver Pathology}} in {{Rats}}},
  author = {Sauerbeck, Andrew D. and Laws, J. Lukas and Bandaru, Veera V.R. and Popovich, Phillip G. and Haughey, Norman J. and McTigue, Dana M.},
  year = {2014},
  month = jul,
  journal = {Journal of Neurotrauma},
  volume = {32},
  number = {3},
  pages = {159--169},
  publisher = {{Mary Ann Liebert, Inc., publishers}},
  issn = {0897-7151},
  doi = {10.1089/neu.2014.3497},
  pmcid = {PMC4298754},
  pmid = {25036371},
  keywords = {Acute_phase,animal_model,cytokines,keele_10_month_report,liver,metabolic syndrome,metabolism,Non-alcoholic_Fatty_Liver_Disease-nash,Paper_sci_500_modelling_2020,rat,spinal_cord_injury},
  file = {/Users/mateusbernardo-harrington/Zotero/storage/APPMHFWH/Sauerbeck et al_2015_Spinal cord injury causes chronic liver pathology in rats.pdf;/Users/mateusbernardo-harrington/Zotero/storage/HAX25S29/Sauerbeck et al_2014_Spinal Cord Injury Causes Chronic Liver Pathology in Rats.pdf;/Users/mateusbernardo-harrington/Zotero/storage/2GYAH9DC/neu.2014.html;/Users/mateusbernardo-harrington/Zotero/storage/SLKUHIRB/neu.2014.html}
}

@article{garcia-lopez_acute_2007,
  title = {Acute Spinal Cord Injury Changes the Disposition of Some, but Not All Drugs given Intravenously},
  author = {{Garc{\'i}a-L{\'o}pez}, P. and {Mart{\'i}nez-Cruz}, A. and {Gu{\'i}zar-Sahag{\'u}n}, G. and {Casta{\~n}eda-Hern{\'a}ndez}, G.},
  year = {2007},
  month = sep,
  journal = {Spinal Cord},
  volume = {45},
  number = {9},
  pages = {603--608},
  publisher = {{Nature Publishing Group}},
  issn = {1476-5624},
  doi = {10.1038/sj.sc.3102001},
  copyright = {2006 Nature Publishing Group},
  langid = {english},
  keywords = {drugs,liver,metabolism,spinal_cord_injury},
  file = {/Users/mateusbernardo-harrington/Zotero/storage/J5VMMU2Z/García-López et al_2007_Acute spinal cord injury changes the disposition of some, but not all drugs.pdf;/Users/mateusbernardo-harrington/Zotero/storage/9ELIX6YX/3102001.html}
}

@article{deleve_hepatic_2007,
  title = {Hepatic {{Microvasculature}} in {{Liver Injury}}},
  author = {DeLeve, Laurie D.},
  year = {2007},
  month = nov,
  journal = {Seminars in Liver Disease},
  volume = {27},
  number = {04},
  pages = {390--400},
  publisher = {{\textcopyright{} Thieme Medical Publishers}},
  issn = {0272-8087, 1098-8971},
  doi = {10.1055/s-2007-991515},
  copyright = {\textcopyright{} Thieme Medical Publishers},
  langid = {english},
  keywords = {liver,liver injury,metabolism,vascular},
  file = {/Users/mateusbernardo-harrington/Zotero/storage/UJBR4J46/DeLeve_2007_Hepatic Microvasculature in Liver Injury.pdf;/Users/mateusbernardo-harrington/Zotero/storage/DTRP9VZ2/s-2007-991515.html}
}

@article{farkas_neurogenic_2018,
  title = {Neurogenic Obesity and Systemic Inflammation Following Spinal Cord Injury: {{A}} Review},
  shorttitle = {Neurogenic Obesity and Systemic Inflammation Following Spinal Cord Injury},
  author = {Farkas, Gary J. and Gater, David R.},
  year = {2018},
  month = jul,
  journal = {The Journal of Spinal Cord Medicine},
  volume = {41},
  number = {4},
  pages = {378--387},
  publisher = {{Taylor \& Francis}},
  issn = {1079-0268},
  doi = {10.1080/10790268.2017.1357104},
  pmid = {28758554},
  keywords = {liver,metabolism,obesity,review,spinal_cord_injury,systemic_inflammation},
  annotation = {\_eprint: https://doi.org/10.1080/10790268.2017.1357104},
  file = {/Users/mateusbernardo-harrington/Zotero/storage/KC76CAPD/Farkas_Gater_2018_Neurogenic obesity and systemic inflammation following spinal cord injury.pdf;/Users/mateusbernardo-harrington/Zotero/storage/4JUU4X9Y/10790268.2017.html}
}

@article{chow_pharmacology_2012,
  title = {Pharmacology of Riluzole in Acute Spinal Cord Injury},
  author = {Chow, Diana S. L. and Teng, Yang and Toups, Elizabeth G. and Aarabi, Bizhan and Harrop, James S. and Shaffrey, Christopher I. and Johnson, Michele M. and Boakye, Maxwell and Frankowski, Ralph F. and Fehlings, Michael G. and Grossman, Robert G.},
  year = {2012},
  month = sep,
  journal = {Journal of Neurosurgery: Spine},
  volume = {17},
  number = {Suppl1},
  pages = {129--140},
  publisher = {{American Association of Neurological Surgeons}},
  doi = {10.3171/2012.5.AOSPINE12112},
  chapter = {Journal of Neurosurgery: Spine},
  langid = {american},
  keywords = {liver,metabolism,Pharmacology,riluzole,spinal_cord_injury},
  file = {/Users/mateusbernardo-harrington/Zotero/storage/N275IR22/Chow et al_2012_Pharmacology of riluzole in acute spinal cord injury.pdf;/Users/mateusbernardo-harrington/Zotero/storage/LKRQHQ7B/article-p129.html}
}

@article{hundt_assessment_2011,
  title = {Assessment of Hepatic Inflammation after Spinal Cord Injury Using Intravital Microscopy},
  author = {Hundt, H. and Fleming, J. C. and Phillips, J. T. and Lawendy, A. and Gurr, K. R. and Bailey, S. I. and Sanders, D. and Bihari, R. and Gray, D. and Parry, N. and Bailey, C. S. and Badhwar, A.},
  year = {2011},
  journal = {Injury},
  volume = {42},
  number = {7},
  pages = {691--696},
  issn = {00201383},
  doi = {10.1016/j.injury.2010.12.013},
  pmid = {21269625},
  keywords = {keele_10_month_report,spinal_cord_injury},
  file = {/Users/mateusbernardo-harrington/Zotero/storage/IHDTEIW4/Hundt et al_2011_Assessment of hepatic inflammation after spinal cord injury using intravital.pdf}
}

@article{anthony_systemic_2014,
  title = {The Systemic Response to {{CNS}} Injury},
  author = {Anthony, Daniel C. and Couch, Yvonne},
  year = {2014},
  month = aug,
  journal = {Experimental Neurology},
  series = {Special {{Issue}}: {{Neuroimmunology}} of Spinal Cord Injury},
  volume = {258},
  pages = {105--111},
  issn = {0014-4886},
  doi = {10.1016/j.expneurol.2014.03.013},
  langid = {english},
  file = {/Users/mateusbernardo-harrington/Zotero/storage/PLW8TBBK/Anthony_Couch_2014_The systemic response to CNS injury.pdf;/Users/mateusbernardo-harrington/Zotero/storage/TV7RVZGT/S0014488614000909.html}
}

@article{yang_clec4f_2013,
  title = {{{CLEC4F Is}} an {{Inducible C-Type Lectin}} in {{F4}}/80-{{Positive Cells}} and {{Is Involved}} in {{Alpha-Galactosylceramide Presentation}} in {{Liver}}},
  author = {Yang, Chih-Ya and Chen, Jiun-Bo and Tsai, Ting-Fen and Tsai, Yi-Chen and Tsai, Ching-Yen and Liang, Pi-Hui and Hsu, Tsui-Ling and Wu, Chung-Yi and Netea, Mihai G. and Wong, Chi-Huey and Hsieh, Shie-Liang},
  year = {2013},
  month = jun,
  journal = {PLOS ONE},
  volume = {8},
  number = {6},
  pages = {e65070},
  publisher = {{Public Library of Science}},
  issn = {1932-6203},
  doi = {10.1371/journal.pone.0065070},
  langid = {english},
  keywords = {hepatocyte,immune_system,liver},
  file = {/Users/mateusbernardo-harrington/Zotero/storage/6MG2DHWA/Yang et al_2013_CLEC4F Is an Inducible C-Type Lectin in F4-80-Positive Cells and Is Involved in.pdf;/Users/mateusbernardo-harrington/Zotero/storage/AMGHR4F4/article.html}
}

@article{szalai_complement-dependent_2000,
  title = {Complement-{{Dependent Acute-Phase Expression}} of {{C-Reactive Protein}} and {{Serum Amyloid P-Component}}},
  author = {Szalai, Alexander J. and van Ginkel, Frederik W. and Wang, Yue and McGhee, Jerry R. and Volanakis, John E.},
  year = {2000},
  month = jul,
  journal = {The Journal of Immunology},
  volume = {165},
  number = {2},
  pages = {1030--1035},
  publisher = {{American Association of Immunologists}},
  issn = {0022-1767, 1550-6606},
  doi = {10.4049/jimmunol.165.2.1030},
  chapter = {Inflammation},
  copyright = {Copyright \textcopyright{} 2000 by The American Association of Immunologists},
  langid = {english},
  pmid = {10878380},
  keywords = {Acute_phase,C-reactive protein,Complement,liver,serum_amyloid},
  file = {/Users/mateusbernardo-harrington/Zotero/storage/YX9K6J3C/Szalai et al_2000_Complement-Dependent Acute-Phase Expression of C-Reactive Protein and Serum.pdf;/Users/mateusbernardo-harrington/Zotero/storage/99R5ZM35/1030.html}
}

@article{crispe_hepatocytes_2016,
  title = {Hepatocytes as {{Immunological Agents}}},
  author = {Crispe, Ian N.},
  year = {2016},
  month = jan,
  journal = {The Journal of Immunology},
  volume = {196},
  number = {1},
  pages = {17--21},
  publisher = {{American Association of Immunologists}},
  issn = {0022-1767, 1550-6606},
  doi = {10.4049/jimmunol.1501668},
  chapter = {BRIEF REVIEWS},
  copyright = {Copyright \textcopyright{} 2015 by The American Association of Immunologists, Inc.},
  langid = {english},
  pmid = {26685314},
  keywords = {immune_system,liver,review},
  file = {/Users/mateusbernardo-harrington/Zotero/storage/X4CALK9U/Crispe_2016_Hepatocytes as Immunological Agents.pdf;/Users/mateusbernardo-harrington/Zotero/storage/665FJH2U/17.html}
}

@article{campbell_central_2005,
  title = {Central {{Nervous System Injury Triggers Hepatic CC}} and {{CXC Chemokine Expression}} That {{Is Associated}} with {{Leukocyte Mobilization}} and {{Recruitment}} to {{Both}} the {{Central Nervous System}} and the {{Liver}}},
  author = {Campbell, Sandra J. and Perry, V. Hugh and Pitossi, Fernando J. and Butchart, Angus G. and Chertoff, Mariela and Waters, Sara and Dempster, Robert and Anthony, Daniel C.},
  year = {2005},
  month = may,
  journal = {The American Journal of Pathology},
  volume = {166},
  number = {5},
  pages = {1487--1497},
  publisher = {{Elsevier}},
  issn = {0002-9440, 1525-2191},
  doi = {10.1016/S0002-9440(10)62365-6},
  langid = {english},
  pmid = {15855648},
  keywords = {central nervous system,Cytokine,injury,liver},
  file = {/Users/mateusbernardo-harrington/Zotero/storage/2875WBPW/Campbell et al_2005_Central Nervous System Injury Triggers Hepatic CC and CXC Chemokine Expression.pdf;/Users/mateusbernardo-harrington/Zotero/storage/HJZMJ49G/fulltext.html}
}

@article{campbell_hepatic_2008,
  title = {Hepatic {{Nuclear Factor kB Regulates Neutrophil Recruitment}} to the {{Injured Brain}}},
  author = {Campbell, Sandra J. and Anthony, Daniel C. and Oakley, Fiona and Carlsen, Harald and Elsharkawy, Ahmed M. and Blomhoff, Rune and Mann, Derek A.},
  year = {2008},
  month = mar,
  journal = {Journal of Neuropathology \& Experimental Neurology},
  volume = {67},
  number = {3},
  pages = {223--230},
  issn = {0022-3069},
  doi = {10.1097/NEN.0b013e3181654957},
  keywords = {liver,Neutrophil,traumatic_brain_injury},
  file = {/Users/mateusbernardo-harrington/Zotero/storage/CDJW76T2/Campbell et al. - 2008 - Hepatic Nuclear Factor kB Regulates Neutrophil Rec.pdf;/Users/mateusbernardo-harrington/Zotero/storage/BWLAQZDR/2916935.html}
}

@article{low_peroxiredoxin_2008,
  title = {Peroxiredoxin 2 and {{Peroxide Metabolism}} in the {{Erythrocyte}}},
  author = {Low, Felicia M. and Hampton, Mark B. and Winterbourn, Christine C.},
  year = {2008},
  month = sep,
  journal = {Antioxidants \& Redox Signaling},
  volume = {10},
  number = {9},
  pages = {1621--1630},
  publisher = {{Mary Ann Liebert, Inc., publishers}},
  issn = {1523-0864},
  doi = {10.1089/ars.2008.2081},
  keywords = {Biomarkers,oxidative stress,peroxiredoxin-2,peroxiredoxins,protein function},
  file = {/Users/mateusbernardo-harrington/Zotero/storage/TYN6UZPJ/Low et al_2008_Peroxiredoxin 2 and Peroxide Metabolism in the Erythrocyte.pdf}
}

@article{salzano_linkage_2014,
  title = {Linkage of Inflammation and Oxidative Stress via Release of Glutathionylated Peroxiredoxin-2, Which Acts as a Danger Signal},
  author = {Salzano, Sonia and Checconi, Paola and Hanschmann, Eva-Maria and Lillig, Christopher Horst and Bowler, Lucas D. and Chan, Philippe and Vaudry, David and Mengozzi, Manuela and Coppo, Lucia and Sacre, Sandra and Atkuri, Kondala R. and Sahaf, Bita and Herzenberg, Leonard A. and Herzenberg, Leonore A. and Mullen, Lisa and Ghezzi, Pietro},
  year = {2014},
  month = aug,
  journal = {Proceedings of the National Academy of Sciences},
  volume = {111},
  number = {33},
  pages = {12157--12162},
  publisher = {{National Academy of Sciences}},
  issn = {0027-8424, 1091-6490},
  doi = {10.1073/pnas.1401712111},
  chapter = {Biological Sciences},
  langid = {english},
  pmid = {25097261},
  keywords = {Biomarkers,damage associated molecular patterns,mass_spectrometry,oxidative stress,peroxiredoxin-2},
  file = {/Users/mateusbernardo-harrington/Zotero/storage/64T2GMRL/Salzano et al_2014_Linkage of inflammation and oxidative stress via release of glutathionylated.pdf;/Users/mateusbernardo-harrington/Zotero/storage/ZQ2X4CHJ/12157.html}
}

@article{garcia-bonilla_peroxiredoxin_2012,
  title = {Peroxiredoxin Sets the Brain on Fire after Stroke},
  author = {{Garcia-Bonilla}, Lidia and Iadecola, Costantino},
  year = {2012},
  month = jun,
  journal = {Nature Medicine},
  volume = {18},
  number = {6},
  pages = {858--859},
  publisher = {{Nature Publishing Group}},
  issn = {1546-170X},
  doi = {10.1038/nm.2797},
  copyright = {2012 Nature Publishing Group, a division of Macmillan Publishers Limited. All Rights Reserved.},
  langid = {english},
  keywords = {Biomarkers,brain,oxidative stress,peroxiredoxin-2,peroxiredoxins,stroke},
  annotation = {Bandiera\_abtest: a Cg\_type: Nature Research Journals Primary\_atype: News \& Views Subject\_term: Inflammation;Medical research;Stroke;Therapeutics Subject\_term\_id: inflammation;medical-research;stroke;therapeutics},
  file = {/Users/mateusbernardo-harrington/Zotero/storage/8TGA9GMG/Garcia-Bonilla_Iadecola_2012_Peroxiredoxin sets the brain on fire after stroke.pdf;/Users/mateusbernardo-harrington/Zotero/storage/BAM7SXL5/nm.html}
}

@article{shichita_peroxiredoxin_2012,
  title = {Peroxiredoxin Family Proteins Are Key Initiators of Post-Ischemic Inflammation in the Brain},
  author = {Shichita, Takashi and Hasegawa, Eiichi and Kimura, Akihiro and Morita, Rimpei and Sakaguchi, Ryota and Takada, Ichiro and Sekiya, Takashi and Ooboshi, Hiroaki and Kitazono, Takanari and Yanagawa, Toru and Ishii, Tetsuro and Takahashi, Hideo and Mori, Shuji and Nishibori, Masahiro and Kuroda, Kazumichi and Akira, Shizuo and Miyake, Kensuke and Yoshimura, Akihiko},
  year = {2012},
  month = jun,
  journal = {Nature Medicine},
  volume = {18},
  number = {6},
  pages = {911--917},
  publisher = {{Nature Publishing Group}},
  issn = {1546-170X},
  doi = {10.1038/nm.2749},
  copyright = {2012 Nature Publishing Group, a division of Macmillan Publishers Limited. All Rights Reserved.},
  langid = {english},
  keywords = {animal_model,Biomarkers,brain,mice,peroxiredoxin-2,peroxiredoxins,stroke},
  annotation = {Bandiera\_abtest: a Cg\_type: Nature Research Journals Primary\_atype: Research Subject\_term: Brain injuries;Inflammation;Stroke Subject\_term\_id: brain-injuries;inflammation;stroke},
  file = {/Users/mateusbernardo-harrington/Zotero/storage/UTDLKW9K/Shichita et al_2012_Peroxiredoxin family proteins are key initiators of post-ischemic inflammation.pdf;/Users/mateusbernardo-harrington/Zotero/storage/Y4N4SQY3/nm.html}
}

@article{lu_peroxiredoxin_2018,
  title = {Peroxiredoxin 2 Activates Microglia by Interacting with {{Toll-like}} Receptor 4 after Subarachnoid Hemorrhage},
  author = {Lu, Yue and Zhang, Xiang-Sheng and Zhang, Zi-Huan and Zhou, Xiao-Ming and Gao, Yong-Yue and Liu, Guang-Jie and Wang, Han and Wu, Ling-Yun and Li, Wei and Hang, Chun-Hua},
  year = {2018},
  month = mar,
  journal = {Journal of Neuroinflammation},
  volume = {15},
  number = {1},
  pages = {87},
  issn = {1742-2094},
  doi = {10.1186/s12974-018-1118-4},
  keywords = {Biomarkers,co-culture,in vitro,microglia,peroxiredoxin-2,peroxiredoxins,primary_neurons,toll like receptor 4},
  file = {/Users/mateusbernardo-harrington/Zotero/storage/K9GCV9ZG/Lu et al_2018_Peroxiredoxin 2 activates microglia by interacting with Toll-like receptor 4.pdf;/Users/mateusbernardo-harrington/Zotero/storage/S3LDDELQ/s12974-018-1118-4.html}
}

@article{lu_peroxiredoxin_2019,
  title = {Peroxiredoxin 1/2 Protects Brain against {{H2O2-induced}} Apoptosis after Subarachnoid Hemorrhage},
  author = {Lu, Yue and Zhang, Xiang-Sheng and Zhou, Xiao-Ming and Gao, Yong-Yue and Chen, Chun-Lei and Liu, Jing-Peng and Ye, Zhen-Nan and Zhang, Zi-Huan and Wu, Ling-Yun and Li, Wei and Hang, Chun-Hua},
  year = {2019},
  journal = {The FASEB Journal},
  volume = {33},
  number = {2},
  pages = {3051--3062},
  issn = {1530-6860},
  doi = {10.1096/fj.201801150R},
  langid = {english},
  keywords = {animal_model,Biomarkers,mice,oxidative stress,peroxiredoxin-2,peroxiredoxins},
  annotation = {\_eprint: https://faseb.onlinelibrary.wiley.com/doi/pdf/10.1096/fj.201801150R},
  file = {/Users/mateusbernardo-harrington/Zotero/storage/7UJP56GC/Lu et al_2019_Peroxiredoxin 1-2 protects brain against H2O2-induced apoptosis after.pdf;/Users/mateusbernardo-harrington/Zotero/storage/TMQ993KI/fj.html}
}

@article{gan_transgenic_2012,
  title = {Transgenic {{Overexpression}} of {{Peroxiredoxin-2 Attenuates Ischemic Neuronal Injury Via Suppression}} of a {{Redox-Sensitive Pro-Death Signaling Pathway}}},
  author = {Gan, Yu and Ji, Xunming and Hu, Xiaoming and Luo, Yumin and Zhang, Lili and Li, Peiying and Liu, Xiangrong and Yan, Feng and Vosler, Peter and Gao, Yanqin and Stetler, R. Anne and Chen, Jun},
  year = {2012},
  month = sep,
  journal = {Antioxidants \& Redox Signaling},
  volume = {17},
  number = {5},
  pages = {719--732},
  publisher = {{Mary Ann Liebert, Inc., publishers}},
  issn = {1523-0864},
  doi = {10.1089/ars.2011.4298},
  keywords = {animal_model,Biomarkers,ischemic_damage,mice,oxidative stress,peroxiredoxin-2,peroxiredoxins,transgenic},
  file = {/Users/mateusbernardo-harrington/Zotero/storage/L34NN6HE/Gan et al_2012_Transgenic Overexpression of Peroxiredoxin-2 Attenuates Ischemic Neuronal.pdf}
}

@article{matsuzawa_ros-dependent_2005,
  title = {{{ROS-dependent}} Activation of the {{TRAF6-ASK1-p38}} Pathway Is Selectively Required for {{TLR4-mediated}} Innate Immunity},
  author = {Matsuzawa, Atsushi and Saegusa, Kaoru and Noguchi, Takuya and Sadamitsu, Chiharu and Nishitoh, Hideki and Nagai, Shigenori and Koyasu, Shigeo and Matsumoto, Kunihiro and Takeda, Kohsuke and Ichijo, Hidenori},
  year = {2005},
  month = jun,
  journal = {Nature Immunology},
  volume = {6},
  number = {6},
  pages = {587--592},
  publisher = {{Nature Publishing Group}},
  issn = {1529-2916},
  doi = {10.1038/ni1200},
  copyright = {2005 Nature Publishing Group},
  langid = {english},
  keywords = {apoptosis,Apoptosis signal-regulating kinase 1,Innate immunity,oxidative stress,toll like receptor 4},
  annotation = {Bandiera\_abtest: a Cg\_type: Nature Research Journals Primary\_atype: Research},
  file = {/Users/mateusbernardo-harrington/Zotero/storage/H4FSTBIB/Matsuzawa et al_2005_ROS-dependent activation of the TRAF6-ASK1-p38 pathway is selectively required.pdf;/Users/mateusbernardo-harrington/Zotero/storage/5P39TDDQ/ni1200.html}
}

@article{rhee_multiple_2011,
  title = {Multiple {{Functions}} of {{Peroxiredoxins}}: {{Peroxidases}}, {{Sensors}} and {{Regulators}} of the {{Intracellular Messenger H2O2}}, and {{Protein Chaperones}}},
  shorttitle = {Multiple {{Functions}} of {{Peroxiredoxins}}},
  author = {Rhee, Sue Goo and Woo, Hyun Ae},
  year = {2011},
  month = aug,
  journal = {Antioxidants \& Redox Signaling},
  volume = {15},
  number = {3},
  pages = {781--794},
  publisher = {{Mary Ann Liebert, Inc., publishers}},
  issn = {1523-0864},
  doi = {10.1089/ars.2010.3393},
  keywords = {peroxiredoxins,protein chaperons},
  file = {/Users/mateusbernardo-harrington/Zotero/storage/G8X3YR89/Rhee_Woo_2011_Multiple Functions of Peroxiredoxins.pdf}
}

@article{kim_novel_2008,
  title = {A Novel Function of Peroxiredoxin 1 ({{Prx-1}}) in Apoptosis Signal-Regulating Kinase 1 ({{ASK1}})-Mediated Signaling Pathway},
  author = {Kim, So Yong and Kim, Tae Jin and Lee, Ki-Young},
  year = {2008},
  journal = {FEBS Letters},
  volume = {582},
  number = {13},
  pages = {1913--1918},
  issn = {1873-3468},
  doi = {10.1016/j.febslet.2008.05.015},
  copyright = {FEBS Letters 582 (2008) 1873-3468 \textcopyright{} 2015 Federation of European Biochemical Societies},
  langid = {english},
  keywords = {apoptosis,Apoptosis signal-regulating kinase 1,in vitro,knockdown,peroxiredoxin-1,peroxiredoxins},
  annotation = {\_eprint: https://febs.onlinelibrary.wiley.com/doi/pdf/10.1016/j.febslet.2008.05.015},
  file = {/Users/mateusbernardo-harrington/Zotero/storage/ZHJMQD85/Kim et al_2008_A novel function of peroxiredoxin 1 (Prx-1) in apoptosis signal-regulating.pdf;/Users/mateusbernardo-harrington/Zotero/storage/ZMB5BF4I/j.febslet.2008.05.html}
}

@article{qiao_complement_2006,
  title = {Complement {{Plays}} an {{Important Role}} in {{Spinal Cord Injury}} and {{Represents}} a {{Therapeutic Target}} for {{Improving Recovery}} Following {{Trauma}}},
  author = {Qiao, Fei and Atkinson, Carl and Song, Hongbin and Pannu, Ravinder and Singh, Inderjit and Tomlinson, Stephen},
  year = {2006},
  month = sep,
  journal = {The American Journal of Pathology},
  volume = {169},
  number = {3},
  pages = {1039--1047},
  publisher = {{Elsevier}},
  issn = {0002-9440, 1525-2191},
  doi = {10.2353/ajpath.2006.060248},
  langid = {english},
  pmid = {16936276},
  keywords = {animal_model,Complement,complement cascade,mice,spinal_cord_injury},
  file = {/Users/mateusbernardo-harrington/Zotero/storage/5E5S6NHF/Qiao et al_2006_Complement Plays an Important Role in Spinal Cord Injury and Represents a.pdf;/Users/mateusbernardo-harrington/Zotero/storage/Y835QN59/fulltext.html}
}

@article{guo_effects_2010,
  title = {Effects of {{C3}} Deficiency on Inflammation and Regeneration Following Spinal Cord Injury in Mice},
  author = {Guo, Qiang and Li, Shurong and Liang, Yajie and Zhang, Yanling and Zhang, Jiqiang and Wen, Can and Lin, Sen and Wang, Hanzhi and Su, Bingyin},
  year = {2010},
  month = nov,
  journal = {Neuroscience Letters},
  volume = {485},
  number = {1},
  pages = {32--36},
  issn = {0304-3940},
  doi = {10.1016/j.neulet.2010.08.056},
  langid = {english},
  keywords = {animal_model,C3,complement cascade,genetics,knockout,mice,spinal_cord_injury},
  file = {/Users/mateusbernardo-harrington/Zotero/storage/XVSHDFKB/S0304394010011146.html}
}

